@article{bruneel2010funding,
  title={Funding the entrepreneurial university: The case of university spin-offs},
  author={Bruneel, J. and Clarysse, B. and Wright, M.},
  journal={Research Policy},
  volume={39},
  number={7},
  pages={835--849},
  year={2010},
  publisher={Elsevier}
}

@misc{CIC2024,
  title={About CIC},
  author={Cambridge Innovation Center (CIC)},
  year={2024},
  howpublished={\url{https://cic.com/about-us/}},
  note={Retrieved on June 22, 2025}
}

@book{europeancommission2014incubators,
  title={The role of incubators and accelerators in the entrepreneurial ecosystem},
  author={European Commission},
  year={2014},
  publisher={Publications Office of the European Union}
}

@article{grimaldi2005university,
  title={University incubators: Different organizational models to foster new ventures creation},
  author={Grimaldi, R. and Grandi, A.},
  journal={Technovation},
  volume={25},
  number={2},
  pages={111--121},
  year={2005},
  publisher={Elsevier}
}

@article{hackett2004business,
  title={A typology of business incubator location strategies},
  author={Hackett, S. M. and Dilts, D. M.},
  journal={Technovation},
  volume={24},
  number={6},
  pages={435--443},
  year={2004},
  publisher={Elsevier}
}

@article{jacobi1991mentorship,
  title={Mentorship and undergraduate academic success: A literature review},
  author={Jacobi, M.},
  journal={Review of Educational Research},
  volume={61},
  number={4},
  pages={505--532},
  year={1991},
  publisher={Sage Publications}
}

@misc{kauffman2013mentoring,
  title={Mentoring's Role in Business Success},
  author={Kauffman Foundation},
  year={2013},
  note={Specific publication or fact sheet may vary, typically found in their research reports.}
}

@book{lerner2012venture,
  title={Boulevard of Broken Dreams: Why Public Efforts to Back Firms Still Fall Short},
  author={Lerner, J.},
  year={2012},
  publisher={Princeton University Press}
}

@book{lerner2018venture,
  title={Venture Capital and the Finance of Innovation},
  author={Lerner, J. and Gompers, P. A.},
  edition={3},
  year={2018},
  publisher={John Wiley \& Sons}
}

@misc{MITSandbox2024,
  title={About},
  author={{MIT Sandbox Innovation Fund Program}},
  year={2024},
  howpublished={\url{https://sandbox.mit.edu/about/}},
  note={Retrieved on June 22, 2025}
}

@article{mollick2014dynamics,
  title={The dynamics of crowdfunding: An exploratory study},
  author={Mollick, E.},
  journal={Journal of Business Venturing},
  volume={29},
  number={1},
  pages={1--16},
  year={2014}
}

@book{nationalacademies2019mentoring,
  title={The Science of Effective Mentorship in STEMM},
  author={{National Academies of Sciences, Engineering, and Medicine}},
  year={2019},
  publisher={National Academies Press}
}

@misc{NBIA2012,
  title={NBIA Fact Sheet},
  author={{National Business Incubation Association (NBIA)}},
  year={2012},
  note={Specific publication or fact sheet may vary, often cited in industry reports.}
}

@misc{NIH2024,
  title={About NIH Grants},
  author={{National Institutes of Health (NIH)}},
  year={2024},
  howpublished={\url{https://www.nih.gov/grants-funding/about-nih-grants}},
  note={Retrieved on June 22, 2025}
}

@article{ragins1999review,
  title={Mentor functions and outcomes: A comparison of men and women in formal and informal mentoring relationships},
  author={Ragins, B. R. and Cotton, J. L.},
  journal={Journal of Applied Psychology},
  volume={84},
  number={4},
  pages={529--550},
  year={1999}
}

@article{siegel2003assessing,
  title={Assessing the impact of university technology transfer: a review of the literature},
  author={Siegel, D. S. and Waldman, D. A. and Link, A. N.},
  journal={Research Policy},
  volume={32},
  number={1},
  pages={1--20},
  year={2003}
}

@misc{StartX2024,
  title={About Us},
  author={StartX},
  year={2024},
  howpublished={\url{https://startx.com/about-us/}},
  note={Retrieved on June 22, 2025}
}

@article{underhill2006mentoring,
  title={The effectiveness of mentoring programmes in the workplace: A meta-analytical review},
  author={Underhill, C. M.},
  journal={Journal of Vocational Behavior},
  volume={68},
  number={2},
  pages={283--301},
  year={2006}
}

@misc{UWaterlooVelocity2024,
  title={Velocity},
  author={{University of Waterloo}},
  year={2024},
  howpublished={\url{https://uwaterloo.ca/velocity/}},
  note={Retrieved on June 22, 2025}
}

@misc{YCombinator2024,
  title={About YC},
  author={{Y Combinator}},
  year={2024},
  howpublished={\url{https://www.ycombinator.com/about/}},
  note={Retrieved on June 22, 2025}
}

@article{barney1991firm,
  title={Firm resources and sustained competitive advantage},
  author={Barney, Jay},
  journal={Journal of Management},
  volume={17},
  number={1},
  pages={99--120},
  year={1991},
  publisher={Sage Publications}
}

@article{mian1996assessing,
  title={Assessing value-added contributions of university technology business incubators},
  author={Mian, S. A.},
  journal={Journal of Business Venturing},
  volume={11},
  number={5},
  pages={325--339},
  year={1996},
  publisher={Elsevier}
}

@article{samsuk2014fuzzy,
  title={A fuzzy AHP to prioritize enabling factors},
  author={Samsuk, N. and Laosirihongthong, T.},
  journal={Journal of Intelligent Manufacturing},
  volume={25},
  number={4},
  pages={707--717},
  year={2014},
  publisher={Springer US}
}

@article{spigel2017relational,
  title={The relational organization of entrepreneurial ecosystems},
  author={Spigel, Ben R},
  journal={Entrepreneurship Theory and Practice},
  volume={41},
  number={1},
  pages={49--72},
  year={2017},
  publisher={Sage Publications Sage CA: Los Angeles, CA}
}

@article{theodorakopoulos2014business,
  title={What makes business incubation work?},
  author={Theodorakopoulos, N. and et al.},
  journal={Journal of Entrepreneurship and Public Policy},
  volume={3},
  number={2},
  pages={150--173},
  year={2014},
  publisher={Emerald Group Publishing Limited}
}

@article{harper2018makes,
  title={What makes business incubation work? A multiple-case study of entrepreneurial support organizations},
  author={Harper-Anderson, E. and Lewis, D. A.},
  journal={Economic Development Quarterly},
  volume={32},
  number={1},
  pages={34--49},
  year={2018},
  publisher={Sage Publications Sage CA: Los Angeles, CA}
}

@article{patton2014realising,
  title={Realising potential: The impact of business incubation},
  author={Patton, Deborah},
  journal={International Journal of Entrepreneurial Behavior \& Research},
  volume={20},
  number={1},
  pages={55--74},
  year={2014},
  publisher={Emerald Group Publishing Limited}
}

@article{barbero2012revisiting,
  title={Revisiting incubation performance: A comparative study of European and US incubators},
  author={Barbero, Jean-Luc and et al.},
  journal={Technovation},
  volume={32},
  number={4},
  pages={257--266},
  year={2012},
  publisher={Elsevier}
}

@article{al2017challenges,
  title={Challenges and opportunities of innovation and incubators},
  author={Al-Mubaraki, H. M. and Busler, M.},
  journal={Journal of Innovation and Entrepreneurship},
  volume={6},
  number={1},
  pages={1--13},
  year={2017},
  publisher={SpringerOpen}
}

@book{creswell2014research,
title={Research design: Qualitative, quantitative, and mixed methods approaches},
author={Creswell, John W.},
edition={4},
year={2014},
publisher={Sage Publications}
}

@techreport{ubi2019world,
  title={UBI Global World Rankings of Business Incubators and Accelerators 2019-2020},
  author={Meyer, Holger and Sowah, Joshua},
  year={2019},
  month={November},
  publisher={UBI Global},
  note={Technical Report. Retrieved from file: \url{uploaded:UBIGlobal-WorldRankingsReport2019-2020.pdf}}
}

@techreport{ubi2021world,
title={UBI Global World Rankings Report 2021-2022: The World Benchmark Study},
author={Sowah, Joshua and Partridge, Angela},
year={2023},
month={January},
publisher={UBI Global},
note={Technical Report. Retrieved from file: \url{uploaded:UBI Global - World Rankings Report 2021-2022.pdf}}
}